<?xml version = "1.0" encoding = "UTF-8"?><record>
  <leader>01242nas#a2200385#c#4500</leader>
  <controlfield tag="005">20210409053601.0</controlfield>
  <controlfield tag="007">tu</controlfield>
  <controlfield tag="008">111103m19241925xx#d|#n#######|####|ger#c</controlfield>
  <controlfield tag="003">DE-605</controlfield>
  <controlfield tag="001">990189304690206441</controlfield>
  <datafield tag="016" ind1="7" ind2=" ">
    <subfield code="a">101673686X</subfield>
    <subfield code="2">DE-101b</subfield>
  </datafield>
  <datafield tag="016" ind1="7" ind2=" ">
    <subfield code="a">2635665-X</subfield>
    <subfield code="2">DE-600</subfield>
  </datafield>
  <datafield tag="035" ind1=" " ind2=" ">
    <subfield code="a">(DE-605)HT017028573</subfield>
  </datafield>
  <datafield tag="040" ind1=" " ind2=" ">
    <subfield code="a">0009</subfield>
    <subfield code="b">ger</subfield>
    <subfield code="c">DNB</subfield>
    <subfield code="d">9999</subfield>
    <subfield code="e">rakddb</subfield>
  </datafield>
  <datafield tag="041" ind1=" " ind2=" ">
    <subfield code="a">ger</subfield>
  </datafield>
  <datafield tag="044" ind1=" " ind2=" ">
    <subfield code="c">XA-DXDE</subfield>
    <subfield code="c">XA-PL</subfield>
  </datafield>
  <datafield tag="084" ind1=" " ind2=" ">
    <subfield code="a">070</subfield>
    <subfield code="q">DE-600</subfield>
    <subfield code="2">zdbs</subfield>
  </datafield>
  <datafield tag="090" ind1=" " ind2=" ">
    <subfield code="n">lp</subfield>
  </datafield>
  <datafield tag="245" ind1="0" ind2="0">
    <subfield code="a">Pommersche Morgenpost</subfield>
    <subfield code="b">K&#246;sliner allgemeine Zeitung</subfield>
  </datafield>
  <datafield tag="246" ind1="3" ind2=" ">
    <subfield code="a">K&#246;sliner allgemeine Zeitung</subfield>
  </datafield>
  <datafield tag="246" ind1="3" ind2=" ">
    <subfield code="a">Zanower neueste Nachrichten</subfield>
  </datafield>
  <datafield tag="264" ind1="3" ind2="1">
    <subfield code="a">K&#246;slin</subfield>
    <subfield code="b">[s.n.]</subfield>
    <subfield code="c">1924-1925</subfield>
  </datafield>
  <datafield tag="362" ind1="0" ind2=" ">
    <subfield code="a">1924,1(22.Nov.) - 1925,298(29.Okt.) nachgewiesen</subfield>
  </datafield>
  <datafield tag="500" ind1=" " ind2=" ">
    <subfield code="a">Zusatz anfangs auch: Zanower neueste Nachrichten</subfield>
    <subfield code="9">F:507</subfield>
  </datafield>
  <datafield tag="515" ind1=" " ind2=" ">
    <subfield code="a">Periodizit&#228;t: t&#228;gl.</subfield>
  </datafield>
  <datafield tag="751" ind1=" " ind2=" ">
    <subfield code="a">K&#246;slin</subfield>
    <subfield code="0">(DE-588)4031607-5</subfield>
    <subfield code="4">dbp</subfield>
    <subfield code="0">(uri) https://portal.dnb.de/opac.htm?method=simpleSearch&amp;cqlMode=true&amp;query=idn=040316076</subfield>
    <subfield code="0">(uri) http://viaf.org/viaf/sourceID/DNB|040316076</subfield>
    <subfield code="B">GND-040316076</subfield>
  </datafield>
  <datafield tag="751" ind1=" " ind2=" ">
    <subfield code="a">Koszalin</subfield>
    <subfield code="0">(DE-588)1028390-0</subfield>
    <subfield code="4">dbp</subfield>
    <subfield code="0">(uri) https://portal.dnb.de/opac.htm?method=simpleSearch&amp;cqlMode=true&amp;query=idn=004177126</subfield>
    <subfield code="0">(uri) http://viaf.org/viaf/sourceID/DNB|004177126</subfield>
    <subfield code="B">GND-004177126</subfield>
  </datafield>
  <datafield tag="751" ind1=" " ind2=" ">
    <subfield code="a">Zanow</subfield>
    <subfield code="0">(DE-588)5180620-4</subfield>
    <subfield code="4">dbp</subfield>
    <subfield code="0">(uri) https://portal.dnb.de/opac.htm?method=simpleSearch&amp;cqlMode=true&amp;query=idn=948417234</subfield>
    <subfield code="0">(uri) http://viaf.org/viaf/sourceID/DNB|948417234</subfield>
    <subfield code="B">GND-948417234</subfield>
  </datafield>
  <datafield tag="751" ind1=" " ind2=" ">
    <subfield code="a">Sian&#243;w</subfield>
    <subfield code="0">(DE-588)4243976-0</subfield>
    <subfield code="4">dbp</subfield>
    <subfield code="0">(uri) https://portal.dnb.de/opac.htm?method=simpleSearch&amp;cqlMode=true&amp;query=idn=042439760</subfield>
    <subfield code="0">(uri) http://viaf.org/viaf/sourceID/DNB|042439760</subfield>
    <subfield code="B">GND-042439760</subfield>
  </datafield>
  <datafield tag="770" ind1="0" ind2="8">
    <subfield code="i">Beil.: ---&gt;</subfield>
    <subfield code="t">Pommersche Bilderpost</subfield>
    <subfield code="w">(DE-605)HT017829198</subfield>
  </datafield>
  <datafield tag="964" ind1="0" ind2="s">
    <subfield code="F">030</subfield>
    <subfield code="A">a||da||||||37</subfield>
  </datafield>
  <datafield tag="964" ind1="0" ind2="s">
    <subfield code="F">050</subfield>
    <subfield code="A">a|a|||||||||||</subfield>
  </datafield>
  <datafield tag="964" ind1="0" ind2="s">
    <subfield code="F">052</subfield>
    <subfield code="A">z||||||td||||||</subfield>
  </datafield>
  <datafield tag="035" ind1=" " ind2=" ">
    <subfield code="a">(DE-600)2635665-X</subfield>
  </datafield>
  <datafield tag="035" ind1=" " ind2=" ">
    <subfield code="a">(DE-599)ZDB2635665-X</subfield>
  </datafield>
  <datafield tag="MBD" ind1=" " ind2=" ">
    <subfield code="M">49HBZ_NETWORK</subfield>
    <subfield code="i">990189304690206441</subfield>
    <subfield code="n">HBZ Network</subfield>
  </datafield>
  <datafield tag="MNG" ind1=" " ind2=" ">
    <subfield code="c">System</subfield>
    <subfield code="f">ILS</subfield>
    <subfield code="i">marc21</subfield>
    <subfield code="k">01</subfield>
    <subfield code="e">false</subfield>
    <subfield code="d">2021-08-12 04:08:48 Europe/Berlin</subfield>
    <subfield code="g">018930469-HBZ01</subfield>
    <subfield code="j">90</subfield>
    <subfield code="a">import</subfield>
    <subfield code="b">2021-04-05 12:42:59 Europe/Berlin</subfield>
  </datafield>
  <datafield tag="GSI" ind1="7" ind2=" ">
    <subfield code="a">4243976-0</subfield>
    <subfield code="0">http://d-nb.info/gnd/4243976-0</subfield>
    <subfield code="2">gnd</subfield>
    <subfield code="A">GND</subfield>
    <subfield code="B">GND-042439760</subfield>
    <subfield code="C">024</subfield>
  </datafield>
  <datafield tag="GSI" ind1="7" ind2=" ">
    <subfield code="a">3086134</subfield>
    <subfield code="2">geonames</subfield>
    <subfield code="A">GND</subfield>
    <subfield code="B">GND-042439760</subfield>
    <subfield code="C">024</subfield>
  </datafield>
  <datafield tag="GSI" ind1="7" ind2=" ">
    <subfield code="a">5180620-4</subfield>
    <subfield code="0">http://d-nb.info/gnd/5180620-4</subfield>
    <subfield code="2">gnd</subfield>
    <subfield code="A">GND</subfield>
    <subfield code="B">GND-948417234</subfield>
    <subfield code="C">024</subfield>
  </datafield>
  <datafield tag="GSI" ind1="7" ind2=" ">
    <subfield code="a">3086134</subfield>
    <subfield code="2">geonames</subfield>
    <subfield code="A">GND</subfield>
    <subfield code="B">GND-948417234</subfield>
    <subfield code="C">024</subfield>
  </datafield>
  <datafield tag="GKT" ind1="2" ind2=" ">
    <subfield code="a">Koszalin</subfield>
    <subfield code="b">Urz&#7841;d Miejski</subfield>
    <subfield code="4">spio</subfield>
    <subfield code="4">https://d-nb.info/standards/elementset/gnd#variantName</subfield>
    <subfield code="w">r</subfield>
    <subfield code="i">Spitzenorgan</subfield>
    <subfield code="e">Spitzenorgan</subfield>
    <subfield code="A">GND</subfield>
    <subfield code="B">GND-004177126</subfield>
    <subfield code="C">410</subfield>
  </datafield>
  <datafield tag="GKT" ind1="2" ind2=" ">
    <subfield code="a">Urz&#7841;d Miejski</subfield>
    <subfield code="g">Koszalin</subfield>
    <subfield code="A">GND</subfield>
    <subfield code="B">GND-004177126</subfield>
    <subfield code="C">410</subfield>
  </datafield>
  <datafield tag="GSI" ind1="7" ind2=" ">
    <subfield code="a">1028390-0</subfield>
    <subfield code="0">http://d-nb.info/gnd/1028390-0</subfield>
    <subfield code="2">gnd</subfield>
    <subfield code="A">GND</subfield>
    <subfield code="B">GND-004177126</subfield>
    <subfield code="C">024</subfield>
  </datafield>
  <datafield tag="GSI" ind1="7" ind2=" ">
    <subfield code="a">3095049</subfield>
    <subfield code="2">geonames</subfield>
    <subfield code="A">GND</subfield>
    <subfield code="B">GND-004177126</subfield>
    <subfield code="C">024</subfield>
  </datafield>
  <datafield tag="GGN" ind1=" " ind2=" ">
    <subfield code="a">K&#246;slin</subfield>
    <subfield code="4">naaf</subfield>
    <subfield code="4">https://d-nb.info/standards/elementset/gnd#variantName</subfield>
    <subfield code="w">r</subfield>
    <subfield code="i">Alte Ansetzungsform</subfield>
    <subfield code="A">GND</subfield>
    <subfield code="B">GND-004177126</subfield>
    <subfield code="C">451</subfield>
  </datafield>
  <datafield tag="GGN" ind1=" " ind2=" ">
    <subfield code="a">Cossalin</subfield>
    <subfield code="A">GND</subfield>
    <subfield code="B">GND-004177126</subfield>
    <subfield code="C">451</subfield>
  </datafield>
  <datafield tag="GSI" ind1="7" ind2=" ">
    <subfield code="a">4031607-5</subfield>
    <subfield code="0">http://d-nb.info/gnd/4031607-5</subfield>
    <subfield code="2">gnd</subfield>
    <subfield code="A">GND</subfield>
    <subfield code="B">GND-040316076</subfield>
    <subfield code="C">024</subfield>
  </datafield>
  <datafield tag="GSI" ind1="7" ind2=" ">
    <subfield code="a">3095049</subfield>
    <subfield code="2">geonames</subfield>
    <subfield code="A">GND</subfield>
    <subfield code="B">GND-040316076</subfield>
    <subfield code="C">024</subfield>
  </datafield>
  <datafield tag="GGN" ind1=" " ind2=" ">
    <subfield code="a">C&#246;slin</subfield>
    <subfield code="A">GND</subfield>
    <subfield code="B">GND-040316076</subfield>
    <subfield code="C">451</subfield>
  </datafield>
  <datafield tag="GGN" ind1=" " ind2=" ">
    <subfield code="a">C&#246;&#223;lin</subfield>
    <subfield code="A">GND</subfield>
    <subfield code="B">GND-040316076</subfield>
    <subfield code="C">451</subfield>
  </datafield>
</record>